 @inproceedings{Adams_Latulipe_2013, title={Survey of Audio Programming Tools}, volume={CHI EA ’13}, url={https://dl.acm.org/doi/10.1145/2468356.2468495}, DOI={10.1145/2468356.2468495}, publisher={Association for Computing Machinery}, author={Adams, Alexander T. and Latulipe, Celine}, year={2013}, pages={781–786} }
 @article{Bode_1984, title={History of electronic sound modification}, volume={32}, number={10}, journal={Journal of the Audio Engineering Society}, publisher={Audio Engineering Society}, author={Bode, Harold}, year={1984}, pages={730–739} }
 @book{Broughton_Bryan_2008, title={Discrete Fourier Analysis and Wavelets: Applications to Signal and Image Processing}, ISBN={978-1-118-21100-7}, url={https://learning.oreilly.com/library/view/discrete-fourier-analysis/9781118211007/9781118211007_08_chapter02.xhtml}, publisher={Wiley-Interscience}, author={Broughton, S. Allen and Bryan, Kurt M.}, year={2008}, month={Nov} }
 @book{Crab_2019a, title={Bode Audio System Synthesizer}, url={https://i0.wp.com/120years.net/wordpress/wp-content/uploads/bode_1960synth_adj1.jpg?ssl=1}, author={Crab, Simon}, year={2019} }
 @book{Crab_2019b, title={Harold Bode demonstrating the Audio System Synthesizer}, url={https://i0.wp.com/120years.net/wordpress/wp-content/uploads/bode_synthesiser_system.png?ssl=1}, author={Crab, Simon}, year={2019} }
 @article{Dorran_2021, title={The Discrete Fourier Transform: A practical approach}, DOI={10.13140/RG.2.2.33020.05760}, author={Dorran, David}, year={2021}, month={Apr} }
 @article{Dorran, title={Digital Signal Processing Foundations}, author={Dorran, David}, pages={29} }
 @article{Drabkin_Lindley_2001, title={Semitone}, ISBN={9781561592630}, url={https://www.oxfordmusiconline.com/grovemusic/view/10.1093/gmo/9781561592630.001.0001/omo-9781561592630-e-0000025395}, DOI={https://doi.org/10.1093/gmo/9781561592630.article.25395}, abstractNote={“Semitone” published on  by Oxford University Press.}, journal={Grove Music Online}, author={Drabkin, William and Lindley, Mark}, year={2001} }
 @misc{ETHW_2016, title={Alexander Meissner - Engineering and Technology History Wiki}, url={https://ethw.org/Alexander_Meissner}, journal={Engineering and Technology History Wiki}, author={ETHW}, year={2016}, month={Jan} }
 @book{Fleming_1919, title={The Thermionic Valve and Its Developments in Radio-telegraphy and Telephony}, note={Google-Books-ID: ZBtDAAAAIAAJ}, publisher={Wireless Press, Limited}, author={Fleming, Sir John Ambrose}, year={1919} }
 @book{Gabrielli_2020, title={Developing Virtual Synthesizers with VCV Rack}, ISBN={978-0-367-07773-0}, url={https://learning.oreilly.com/library/view/developing-virtual-synthesizers/9780429663321/}, publisher={Routledge}, author={Gabrielli, Leonardo}, year={2020} }
 @misc{Gann, title={Just Intonation Explained}, url={https://www.kylegann.com/tuning.html}, journal={Just Intonation}, author={Gann, Kyle} }
 @misc{Gemtracks Staff_2021, title={All Music Genres And Their Typical BPMs - 2021 UPDATED}, url={https://www.gemtracks.com/guides/view.php?title=music-genres-and-their-typical-bpms&id=823}, abstractNote={Here is the ultimate list of musical genres and the typical BPMs their songs are in.}, journal={Gemtracks Beats}, author={Gemtracks Staff}, year={2021}, month={Jun} }
 @book{Gold_Morgan_Ellis_2011, edition={2}, title={Speech and Audio Signal Processing}, ISBN={978-0-470-19536-9}, url={https://learning.oreilly.com/library/view/speech-and-audio/9780470195369/}, publisher={Wiley}, author={Gold, Bernard and Morgan, Nelson and Ellis, Dan}, year={2011} }
 @inproceedings{Hoffman_Cook_2007, title={Real-time feature-based Synthesis for Live Musical Performance}, url={https://dl.acm.org/doi/pdf/10.1145/1279740.1279807}, DOI={10.1145/1279740.1279807}, publisher={New Interfaces for Musical Expression}, author={Hoffman, Matt and Cook, Perry R.}, year={2007} }
 @article{Hsu_Sosnick-Pérez_2013, title={Real-time GPU Audio}, volume={56}, url={https://dl.acm.org/doi/10.1145/2461256.2461272}, DOI={10.1145/2461256.2461272}, number={6}, journal={Communications of the ACM}, author={Hsu, Bill and Sosnick-Pérez, Marc}, year={2013}, pages={54–62} }
 @book{Huber_2012, title={The MIDI Manual, 3rd Edition}, ISBN={978-0-240-80798-0}, url={https://learning.oreilly.com/library/view/the-midi-manual/9780240807980/}, author={Huber, David Miles}, year={2012}, month={Aug} }
 @misc{Jones_2020, title={Supercollider: Interact with the SuperCollider Audio Synthesis Engine}, url={https://pypi.org/project/supercollider/}, journal={PyPI}, author={Jones, Daniel}, year={2020} }
 @book{Kirk_Hunt_2013, edition={2}, title={Digital Sound Processing for Music and Multimedia}, ISBN={978-0-240-51506-9}, url={https://learning.oreilly.com/library/view/digital-sound-processing/9780240515069/}, abstractNote={Provides an introduction to the nature, synthesis and transformation of sound which forms the basis of digital sound processing for music and multimedia. Background information in computer...}, author={Kirk, Ross and Hunt, Andy}, year={2013} }
 @book{Krash_2005, title={Minimoog synthesizer}, url={https://commons.wikimedia.org/wiki/File:Minimoog.JPG#/media/File:Minimoog.JPG}, author={Krash}, year={2005}, month={Dec} }
 @article{McCartney_2002, title={Rethinking the Computer Music Language: SuperCollider}, volume={26}, ISSN={01489267}, url={https://doi.org/10.1162/014892602320991383}, DOI={10.1162/014892602320991383}, number={4}, journal={Computer Music Journal}, author={McCartney, James}, year={2002}, pages={61–68} }
 @book{McCartney_2016, place={Brighton}, title={The SuperCollider Book}, ISBN={978-0-262-23269-2}, url={https://thormagnusson.gitbooks.io/scoring/content/index.html}, author={McCartney, James}, editor={Wilson, Scott and Cottle, David and Collins, Nick}, year={2016} }
 @misc{McCartney_2021, title={SuperCollider 3.12.0 Help}, url={https://doc.sccode.org/Help.html}, journal={SuperCollider}, author={McCartney, James}, year={2021}, month={Sep} }
 @book{McGuire_2014, place={Burlington, MA}, title={Modern MIDI}, ISBN={978-0-415-83927-3}, url={https://learning.oreilly.com/library/view/modern-midi/9780415839273/xhtml/Ch010.xhtml}, publisher={Taylor & Francis Group}, author={McGuire, Sam}, year={2014} }
 @misc{Meyer_2016, title={Modular Synthesizer Glossary of Terms | Learning Modular}, url={https://learningmodular.com/glossary/}, journal={Learning Modular}, author={Meyer, Chris}, year={2016}, month={Dec} }
 @misc{Nave_2017, title={Musical Scales and Intervals}, url={http://hyperphysics.phy-astr.gsu.edu/hbase/Music/mussca.html}, journal={HyperPhysics}, author={Nave, Carl}, year={2017} }
 @article{Nielsen, title={Elements of the West Coast Approach to Sound Synthesis}, author={Nielsen, Henri}, pages={53} }
 @book{Norman_2013, title={The Design of Everyday Things}, ISBN={978-0-465-05065-9}, publisher={Basic Books}, author={Norman, Donald A}, year={2013} }
 @article{Pinch_Trocco_1998, title={The Social Construction of the Early Electronic Music Synthesizer}, url={http://www.jstor.org/stable/23785956}, journal={Icon}, author={Pinch, Trevor and Trocco, Frank}, year={1998}, pages={9–31} }
 @inbook{Pinch_Trocco_2002, title={Hard-Wired—the Minimoog}, ISBN={978-0-674-00889-2}, url={https://www.jstor.org/stable/j.ctvk12r1n.16}, DOI={10.2307/j.ctvk12r1n.16}, booktitle={Analog Days}, publisher={Harvard University Press}, author={Pinch, Trevor and Trocco, Frank}, year={2002}, pages={214–236} }
 @book{Pinch_Trocco_2004, title={Analog Days: the Invention and Impact of the Moog Synthesizer}, ISBN={978-0-674-01617-0}, publisher={Harvard University Press}, author={Pinch, Trevor and Trocco, Frank}, year={2004} }
 @article{Romano_2003, title={An Intro to MIDI.}, volume={4}, ISSN={15263681}, url={https://search.ebscohost.com/login.aspx?direct=true&db=iih&AN=8586092&site=ehost-live}, abstractNote={Provides an overview of the basics of Musical Instrument Digital Interface (MIDI).  Uses of MIDI; Development of MIDI to control sound from a remote location; Misconception about MIDI.  INSETS: Important MIDI Messages;MIDI VENDORS;SOFTWARE.}, number={1}, journal={Poptronics}, publisher={Poptronix Incorporated}, author={Romano, Will}, year={2003}, month={Jan}, pages={24} }
 @book{Rosen_Howell_2011, title={Signals and Systems for Speech and Hearing}, ISBN={978-1-84855-226-5}, note={Google-Books-ID: tG6NUVhSSIIC}, publisher={BRILL}, author={Rosen, Stuart and Howell, Peter}, year={2011} }
 @misc{Says_2014, title={The ‘Sound Processor’ or ‘Audio System Synthesiser’ Harald Bode, USA, 1959}, url={https://120years.net/wordpress/the-sound-processor-harald-bode-germany/}, journal={120 Years of Electronic Music}, author={Says, Transmittersrus12}, year={2014}, month={Jan} }
 @misc{Suits_1998, title={Frequencies of Musical Notes, A4 = 440 Hz}, url={https://pages.mtu.edu/~suits/notefreqs.html}, journal={Physics of Music - Notes}, author={Suits, B.H.}, year={1998} }
 @book{Tarr_2019, title={Hack Audio}, ISBN={978-1-351-01844-9}, url={https://learning.oreilly.com/library/view/hack-audio/9781351018449/}, publisher={Taylor & Francis Group}, author={Tarr, Eric}, year={2019} }
 @book{Winer_2018, edition={2}, title={The Audio Expert: Everything You Need to Know about Audio}, ISBN={978-0-415-78883-0}, url={https://learning.oreilly.com/library/view/the-audio-expert/9780240821009/}, publisher={Routledge}, author={Winer, Ethan}, year={2018} }
 @book{Zjalic_2021, title={Digital Audio Forensics Fundamentals: from Capture to Courtroom}, ISBN={978-0-367-25912-9}, url={https://learning.oreilly.com/library/view/digital-audio-forensics/9781000205718}, publisher={Routledge}, author={Zjalic, James}, year={2021} }
